<?xml version="1.0" encoding="UTF-8"?><collection xmlns="http://www.loc.gov/MARC21/slim"><record><leader>00623nam--2200193-i-4500</leader><controlfield tag="001">000014259</controlfield><controlfield tag="002">20161230</controlfield><controlfield tag="005">20161230201030</controlfield><controlfield tag="008">060222s1000------------r-----000-0-eng-d</controlfield><datafield ind1=" " ind2=" " tag="040"><subfield code="a">IFIN-HH</subfield></datafield><datafield ind1=" " ind2=" " tag="080"><subfield code="a">517.938:530.145(075.9)</subfield></datafield><datafield ind1="1" ind2=" " tag="100"><subfield code="a">Blaquiere, A</subfield></datafield><datafield ind1="1" ind2="0" tag="245"><subfield code="a">Dynamical systems and microphysics</subfield><subfield code="b">Foreword by louis de broglie</subfield><subfield code="c">A. blaquiere, f. fer, a. marzollo (eds.)</subfield></datafield><datafield ind1=" " ind2=" " tag="260"><subfield code="a">Wien</subfield><subfield code="b">Springer-verlag</subfield><subfield code="c">1980</subfield></datafield><datafield ind1=" " ind2=" " tag="300"><subfield code="a">IV+412P</subfield></datafield><datafield ind1=" " ind2=" " tag="490"><subfield code="a">International Centre For Mechanical Sciences. Courses And Lectures Nr.261</subfield></datafield><datafield ind1="1" ind2=" " tag="700"><subfield code="a">Marzollo, A</subfield><subfield code="e">Ed</subfield></datafield><datafield ind1=" " ind2=" " tag="852"><subfield code="a">70304</subfield><subfield code="c">519.4/5</subfield></datafield><datafield ind1=" " ind2=" " tag="CAT"><subfield code="a">Sys</subfield><subfield code="c">20130814</subfield><subfield code="h">172818</subfield></datafield></record></collection>